
@misc{angolini_yocto_2014,
	title = {Yocto {Training}},
	url = {https://community.freescale.com/docs/DOC-94849},
	language = {English},
	author = {Angolini, Daiane},
	month = dec,
	year = {2014}
}

@misc{_i.mx_2014,
	title = {i.{MX} 6Dual/6Quad {Applications} {Processor} {Reference} {Manual}, rev2},
	url = {http://cache.freescale.com/files/32bit/doc/ref_manual/IMX6DQRM.pdf?fasp=1&WT_TYPE=Reference%20Manuals&WT_VENDOR=FREESCALE&WT_FILE_FORMAT=pdf&WT_ASSET=Documentation&fileExt=.pdf},
	language = {English},
	publisher = {Freescale},
	month = jun,
	year = {2014}
}

@misc{denk_denx_2015,
	title = {The {DENX} {U}-{Boot} and {Linux} {Guide} ({DULG}) for canyonland},
	url = {http://www.denx.de/wiki/DULG/Manual},
	language = {English},
	author = {Denk, Wolfgang and Zundel, Detlev},
	month = may,
	year = {2015}
}

@inproceedings{guthaus_mibench:_2001,
	address = {Austin, Texas},
	title = {{MiBench}: {A} free, commercially representative embedded benchmark suite},
	url = {http://wwweb.eecs.umich.edu/mibench/Publications/MiBench.pdf},
	language = {English},
	author = {Guthaus, Matthew R. and Ringenberg, Jeffrey S. and Ernst, Dan and Austin, Todd M. and Mudge, Trevor and Brown, Richard B.},
	month = dec,
	year = {2001}
}

@misc{hallinan_create_2015,
	address = {Yocto Project Developer Day 2015},
	title = {Create a {Custom}	{Embedded} {Linux} {Distribution} for {Any} {Embedded} {Device} {Using} the {Yocto} {Project}},
	url = {https://www.yoctoproject.org/sites/default/files/ypdd-mar2015-intro-lab.pdf},
	language = {English},
	author = {Hallinan, Chris},
	month = mar,
	year = {2015}
}

@manual{bishop_routino_????,
	title = {Routino : {Router} for {OpenStreetMap} {Data}},
	url = "http://www.routino.org/",
	urldate = {2015-05-04},
	author = {Bishop, Andrew M.}
}

@misc{_open_????,
	title = {Open {Source} {Routing} {Machine}},
	url = {http://project-osrm.org/},
	urldate = {2015-05-04}
}

@techreport{blin_protecting_2015,
	title = {Protecting {Real}-{Time} {Applications} against {Memory} {Induced} {Slowdown} on a {Small} {Multicore} {System}},
	language = {English},
	author = {Blin, Antoine and Sopena, Julien and Lawall, Julia and Muller, Gilles},
	year = {2015}
}

@misc{purdie_bitbake_????,
	title = {{BitBake} {User} {Manual}},
	url = {http://www.yoctoproject.org/docs/1.8/bitbake-user-manual/bitbake-user-manual.html},
	language = {English},
	author = {Purdie, Richard and Larson, Chris and Blundell, Phil}
}
